@book{handbook,
booktitle = {Recommender Systems Handbook},
editor = {Ricci, Francesco and Rokach, Lior and Shapira, Bracha and Kantor, Paul B.},
isbn = {978-0-387-85819-7},
mendeley-groups = {RecSys},
publisher = {Springer},
title = {{Recommender Systems Handbook}},
url = {http://dblp.uni-trier.de/db/reference/rsh/rsh2011.html},
year = {2011}
}

@book{Brusilovsky2007,
address = {Berlin, Heidelberg},
doi = {10.1007/978-3-540-72079-9},
editor = {Brusilovsky, Peter and Kobsa, Alfred and Nejdl, Wolfgang},
isbn = {978-3-540-72078-2},
mendeley-groups = {RecSys},
publisher = {Springer Berlin Heidelberg},
series = {Lecture Notes in Computer Science},
title = {{The Adaptive Web}},
url = {http://www.springerlink.com/index/10.1007/978-3-540-72079-9},
volume = {4321},
year = {2007}
}

@article{Resnick1997,
author = {Resnick, Paul and Varian, Hal R.},
doi = {10.1145/245108.245121},
file = {::},
issn = {00010782},
journal = {Communications of the ACM},
mendeley-groups = {RecSys},
month = mar,
number = {3},
pages = {56--58},
publisher = {ACM},
title = {{Recommender systems}},
url = {http://dl.acm.org/citation.cfm?id=245108.245121},
volume = {40},
year = {1997}
}

@article{Schafer2007,
author = {Schafer, J. Ben and Frankowski, Dan and Herlocker, Jon and Sen, Shilad},
isbn = {978-3-540-72078-2},
mendeley-groups = {RecSys},
month = jan,
pages = {291--324},
publisher = {Springer-Verlag},
title = {{Collaborative filtering recommender systems}},
url = {http://dl.acm.org/citation.cfm?id=1768197.1768208},
year = {2007}
}